@article{lee1999,
  title={Learning the parts of objects by non-negative matrix factorization},
  author={Lee, Daniel D and Seung, H Sebastian},
  journal={Nature},
  volume={401},
  number={6755},
  pages={788},
  year={1999},
  publisher={Nature Publishing Group}
}

@article{virtanen2007,
  title={Monaural Sound Source Separation by Nonnegative Matrix Factorization With Temporal Continuity and Sparseness Criteria},
  author={Tuomas Virtanen},
  journal={IEEE Transactions on audio, speech, and language processing},
  volume={15},
  number={3},
  pages={1066},
  year={2007},
  month={March},
  publisher={IEEE}
}
